@article{arends:2012,
    author = {Arends, D. and Prins, P. and Jansen, R. C.},
    journal = {Nucleic Acids Research},
    keywords = {dataanalysis, method, qtl, ctl, network reconstruction},
    number = {XX},
    pages = {XXX--XXX},
    title = {{Correlated Traits Locus (CTL) mapping}},
    url = {http://dx.doi.org/},
    volume = {XX},
    year = {2012}
}
